@article{greene2009tr10,
  title={TR10: Software-defined networking},
  author={Greene, Kate},
  journal={Technology Review (MIT)},
  year={2009}
}

@article{dbcp2017,
  title={Density cluster based approach for controller placement problem in large-scale software defined networkings},
  author={Liao, Jianxin and Sun, Haifeng and Wang, Jingyu and Qi, Qi and Li, Kai and Li, Tonghong},
  journal={Computer Networks},
  volume={112},
  pages={24--35},
  year={2017},
  doi ="10.1016/j.comnet.2016.10.014",
  publisher={Elsevier}
}

@article{spici2010,
  author = {Jiang, Peng and Singh, Mona},
  title = {SPICi: a fast clustering algorithm for large biological networks},
  journal = {Bioinformatics},
  volume = {26},
  number = {8},
  pages = {1105-1111},
  year = {2010},
  doi = {10.1093/bioinformatics/btq078},
  URL = {http://dx.doi.org/10.1093/bioinformatics/btq078}
}

@article{sdnrao2014,
  title={SDN and its use-cases-NV and NFV},
  author={Rao, Sridhar KN},
  journal={Network},
  volume={2},
  pages={H6},
  year={2014}
}

@article{cpp2018sudheera,
author = {Sudheera, Kushan and Ma, Maode and Chong, P.H.J.},
year = {2018},
month = {Apr},
date = {22},
pages = {225--239},
title = {Controller Placement Optimization in Hierarchical Distributed Software Defined Vehicular Networks},
volume = {135},
booktitle = {Computer Networks}
}

@article{sdnsurvey2015,
  title={Software-defined networking: A comprehensive survey},
  author={Kreutz, Diego and Ramos, Fernando MV and Verissimo, Paulo Esteves and Rothenberg, Christian Esteve and Azodolmolky, Siamak and Uhlig, Steve},
  journal={Proceedings of the IEEE},
  volume={103},
  number={1},
  pages={14--76},
  year={2015},
  publisher={Ieee}
}

@article{sdnsurvey2017,
  title={Advancing Software-Defined Networks: A Survey},
  author={Cox, Jacob H and Chung, Joaquin and Donovan, Sean and Ivey, Jared and Clark, Russell J and Riley, George and Owen, Henry L},
  journal={IEEE Access},
  volume={5},
  pages={25487--25526},
  year={2017},
  publisher={IEEE}
}

@book{goransson2014software1,
  title={"1.2 Historical Background" in Software Defined Networks: A Comprehensive Approach},
  author={Goransson, Paul and Black, Chuck},
  year={2014},
  publisher={Elsevier}
}

@book{goransson2014software2,
  title={"1.6 Can We Increase the Packet-Forwarding IQ?" in Software Defined Networks: A Comprehensive Approach},
  author={Goransson, Paul and Black, Chuck},
  year={2014},
  publisher={Elsevier}
}

@book{forouzan2006data,
  title={Data communications \& networking (sie)},
  author={Forouzan, A Behrouz},
  year={2006},
  publisher={Tata McGraw-Hill Education}
}

@book{forouzan2002tcp,
  title={TCP/IP protocol suite},
  author={Forouzan, Behrouz A and Fegan, Sophia Chung},
  year={2002},
  publisher={McGraw-Hill Higher Education}
}

@article{hu2014survey,
  title={A survey on software-defined network and openflow: From concept to implementation},
  author={Hu, Fei and Hao, Qi and Bao, Ke},
  journal={IEEE Communications Surveys \& Tutorials},
  volume={16},
  number={4},
  pages={2181--2206},
  year={2014},
  publisher={IEEE}
}

@article{sdniotsurvey2016,
  title={Software-defined wireless networking opportunities and challenges for Internet-of-Things: A review},
  author={Sood, Keshav and Yu, Shui and Xiang, Yong},
  journal={IEEE Internet of Things Journal},
  volume={3},
  number={4},
  pages={453--463},
  year={2016},
  publisher={IEEE}
}

@inproceedings{odl,
  title={Opendaylight: Towards a model-driven sdn controller architecture},
  author={Medved, Jan and Varga, Robert and Tkacik, Anton and Gray, Ken},
  booktitle={2014 IEEE 15th International Symposium on},
  pages={1--6},
  year={2014},
  organization={IEEE}
}

@article{flowvisor2009,
  title={Flowvisor: A network virtualization layer},
  author={Sherwood, Rob and Gibb, Glen and Yap, Kok-Kiong and Appenzeller, Guido and Casado, Martin and McKeown, Nick and Parulkar, Guru},
  journal={OpenFlow Switch Consortium, Tech. Rep},
  volume={1},
  pages={132},
  year={2009}
}

@article{sdnwan2014,
  title={Design considerations for managing wide area software defined networks},
  author={Ahmed, Reaz and Boutaba, Raouf},
  journal={IEEE Communications Magazine},
  volume={52},
  number={7},
  pages={116--123},
  year={2014},
  publisher={IEEE}
}

@inproceedings{sdnlange2015,
  title={Specialized heuristics for the controller placement problem in large scale SDN networks},
  author={Lange, Stanislav and Gebert, Steffen and Spoerhase, Joachim and Rygielski, Piotr and Zinner, Thomas and Kounev, Samuel and Tran-Gia, Phuoc},
  booktitle={Teletraffic Congress (ITC 27), 2015 27th International},
  pages={210--218},
  year={2015},
  organization={IEEE},
  address={Ghent, Belgium}
}

@article{scalability2013yeganeh,
  title={On scalability of software-defined networking},
  author={Yeganeh, Soheil Hassas and Tootoonchian, Amin and Ganjali, Yashar},
  journal={IEEE Communications Magazine},
  volume={51},
  number={2},
  pages={136--141},
  year={2013},
  publisher={Ieee}
}

@inproceedings{scalability2013dixit,
  title={Towards an elastic distributed SDN controller},
  author={Dixit, Advait and Hao, Fang and Mukherjee, Sarit and Lakshman, TV and Kompella, Ramana},
  booktitle={ACM SIGCOMM Computer Communication Review},
  volume={43},
  number={4},
  pages={7--12},
  year={2013},
  organization={ACM}
}

@inproceedings{whycpp2013,
  title={B4: Experience with a globally-deployed software defined WAN},
  author={Jain, Sushant and Kumar, Alok and Mandal, Subhasree and Ong, Joon and Poutievski, Leon and Singh, Arjun and Venkata, Subbaiah and Wanderer, Jim and Zhou, Junlan and Zhu, Min and others},
  booktitle={ACM SIGCOMM Computer Communication Review},
  volume={43},
  number={4},
  pages={3--14},
  year={2013},
  organization={ACM}
}

@article{whycpp2014,
  title={GENI: A federated testbed for innovative network experiments},
  author={Berman, Mark and Chase, Jeffrey S and Landweber, Lawrence and Nakao, Akihiro and Ott, Max and Raychaudhuri, Dipankar and Ricci, Robert and Seskar, Ivan},
  journal={Computer Networks},
  volume={61},
  pages={5--23},
  year={2014},
  publisher={Elsevier}
}

@inproceedings{whycpp2010,
  title={Hedera: Dynamic flow scheduling for data center networks.},
  author={Al-Fares, Mohammad and Radhakrishnan, Sivasankar and Raghavan, Barath and Huang, Nelson and Vahdat, Amin},
  booktitle={Nsdi},
  volume={10},
  pages={19--19},
  year={2010}
}

@article{cppsurvey2018,
  title={A survey and classification of controller placement problem in SDN},
  author={Singh, Ashutosh Kumar and Srivastava, Shashank},
  journal={International Journal of Network Management},
  pages={e2018},
  year={2018},
  publisher={Wiley Online Library},
  volume={28}
}

@article{cppsurvey2017,
  title={A Survey on Software Defined Networking with Multiple Controllers},
  author={Zhang, Yuan and Cui, Lin and Wang, Wei and Zhang, Yuxiang},
  journal={Journal of Network and Computer Applications},
  year={2017},
  publisher={Elsevier},
  volume={103},
  pages={101--118}
}

@inproceedings{cpp2012heller,
  title={The controller placement problem},
  author={Heller, Brandon and Sherwood, Rob and McKeown, Nick},
  booktitle={Proceedings of the first workshop on Hot topics in software defined networks},
  pages={7--12},
  year={2012},
  month={Aug},
  organization={ACM},
  address={NY, USA}
}

@article{sallahi2015optimal,
  title={Optimal model for the controller placement problem in software defined networks},
  author={Sallahi, Afrim and St-Hilaire, Marc},
  journal={IEEE communications letters},
  volume={19},
  number={1},
  pages={30--33},
  year={2015},
  publisher={IEEE}
}

@article{yao2014capacitated,
  title={On the capacitated controller placement problem in software defined networks},
  author={Yao, Guang and Bi, Jun and Li, Yuliang and Guo, Luyi},
  journal={IEEE Communications Letters},
  volume={18},
  number={8},
  pages={1339--1342},
  year={2014},
  publisher={IEEE}
}

@article{ozsoy2006exact,
  title={An exact algorithm for the capacitated vertex p-center problem},
  author={{\"O}zsoy, F Aykut and P{\i}nar, Mustafa {\c{C}}},
  journal={Computers \& Operations Research},
  volume={33},
  number={5},
  pages={1420--1436},
  year={2006},
  publisher={Elsevier}
}

@inproceedings{yao2015controller,
  title={Controller placement and flow based dynamic management problem towards SDN},
  author={Yao, Long and Hong, Peilin and Zhang, Wen and Li, Jianfei and Ni, Dan},
  booktitle={Communication Workshop (ICCW), 2015 IEEE International Conference on},
  pages={363--368},
  year={2015},
  organization={IEEE},
  month={Jun},
  address={London, UK}
}

@inproceedings{zhang2011resilience,
  title={On resilience of split-architecture networks},
  author={Zhang, Ying and Beheshti, Neda and Tatipamula, Mallik},
  booktitle={Global Telecommunications Conference (GLOBECOM 2011), 2011 IEEE},
  pages={1--6},
  year={2011},
  organization={IEEE},
  month={Dec},
  address={Kathmandu, Nepal}
}

@incollection{erlebach2006robustness,
  title={Robustness of the Internet at the Topology and Routing Level},
  author={Erlebach, Thomas and Hall, Alexander and Moonen, Linda and Panconesi, Alessandro and Spieksma, Frits and Vukadinovi{\'c}, Danica},
  booktitle={Dependable Systems: Software, Computing, Networks},
  pages={260--274},
  year={2006},
  publisher={Springer}
}

@article{lange2015heuristic,
  title={Heuristic approaches to the controller placement problem in large scale SDN networks},
  author={Lange, Stanislav and Gebert, Steffen and Zinner, Thomas and Tran-Gia, Phuoc and Hock, David and Jarschel, Michael and Hoffmann, Marco},
  journal={IEEE Transactions on Network and Service Management},
  volume={12},
  number={1},
  pages={4--17},
  year={2015},
  publisher={IEEE}
}

@article{protein2005palla,
  title={Uncovering the overlapping community structure of complex networks in nature and society},
  author={Palla, Gergely and Der{\'e}nyi, Imre and Farkas, Ill{\'e}s and Vicsek, Tam{\'a}s},
  journal={nature},
  volume={435},
  number={7043},
  pages={814},
  year={2005},
  publisher={Nature Publishing Group}
}

@inproceedings{hu2013reliability,
  title={Reliability-aware controller placement for software-defined networks},
  author={Hu, Yannan and Wendong, Wang and Gong, Xiangyang and Que, Xirong and Shiduan, Cheng},
  booktitle={Integrated Network Management (IM 2013), 2013 IFIP/IEEE International Symposium on},
  pages={672--675},
  year={2013},
  month={May},
  organization={IEEE},
  address={Ghent, Belgium}
}

@article{haque2016wireless,
	title={Wireless software defined networking: A survey and taxonomy},
	author={Haque, Israat Tanzeena and Abu-Ghazaleh, Nael},
	journal={IEEE Communications Surveys \& Tutorials},
	volume={18},
	number={4},
	pages={2713--2737},
	year={2016},
	publisher={IEEE}
}