@inproceedings{cpp2012heller,
  title={The controller placement problem},
  author={Heller, Brandon and Sherwood, Rob and McKeown, Nick},
  booktitle={Proceedings of the first workshop on Hot topics in software defined networks},
  pages={7--12},
  year={2012},
  organization={ACM}
}
@article{yao2014capacitated,
  title={On the capacitated controller placement problem in software defined networks},
  author={Yao, Guang and Bi, Jun and Li, Yuliang and Guo, Luyi},
  journal={IEEE Communications Letters},
  volume={18},
  number={8},
  pages={1339--1342},
  year={2014},
  publisher={IEEE}
}
@article{dbcp2017,
  title={Density cluster based approach for controller placement problem in large-scale software defined networkings},
  author={Liao, Jianxin and Sun, Haifeng and Wang, Jingyu and Qi, Qi and Li, Kai and Li, Tonghong},
  journal={Computer Networks},
  volume={112},
  pages={24--35},
  year={2017},
  doi ="10.1016/j.comnet.2016.10.014",
  publisher={Elsevier}
}
@inproceedings{aziz2019degree,
  title={Degree-based Balanced Clustering for Large-Scale Software Defined Networks},
  author={Aziz, Talha Ibn and Protik, Shadman and Hossen, Md Sakhawat and Choudhury, Salimur and Alam, Muhammad Mahbub},
  booktitle={2019 IEEE Wireless Communications and Networking Conference (WCNC)},
  pages={1--6},
  year={2019},
  organization={IEEE}
}