% dataset
@inproceedings{2006isi,
	title={A complete handwritten numeral database of Bangla--a major Indic script},
	author={Chaudhuri, BB},
	booktitle={Tenth International Workshop on Frontiers in Handwriting Recognition},
	year={2006},
	organization={Suvisoft}
}
@article{2009cmater,
	title = "A new benchmark on the recognition of handwritten Bangla and Farsi numeral characters",
	journal = "Pattern Recognition",
	volume = "42",
	number = "12",
	pages = "3287 - 3295",
	year = "2009",
	note = "New Frontiers in Handwriting Recognition",
	issn = "0031-3203",
	doi = "http://dx.doi.org/10.1016/j.patcog.2008.10.007",
	author = "Cheng-Lin Liu and Ching Y. Suen",
}

% BHCR
@article{1998BHCR,
	title = "A complete printed Bangla OCR system",
	journal = "Pattern Recognition",
	volume = "31",
	number = "5",
	pages = "531 - 549",
	year = "1998",
	note = "",
	issn = "0031-3203",
	doi = "http://dx.doi.org/10.1016/S0031-3203(97)00078-2",
	author = "B.B Chaudhuri and U Pal",
}
@article{2004BHCR,
	title = "Indian script character recognition: a survey",
	journal = "Pattern Recognition",
	volume = "37",
	number = "9",
	pages = "1887 - 1899",
	year = "2004",
	note = "",
	issn = "0031-3203",
	doi = "http://dx.doi.org/10.1016/j.patcog.2004.02.003",
	author = "U. Pal and B.B. Chaudhuri",
}

% BHDR
@INPROCEEDINGS{2007gradientfeature, 
author={U. Pal and T. Wakabayashi and F. Kimura}, 
booktitle={10th International Conference on Information Technology (ICIT 2007)}, 
title={Handwritten Bangla Compound Character Recognition Using Gradient Feature}, 
year={2007}, 
pages={208-213}, 
month={Dec},}
@INPROCEEDINGS{2011rapidfeature, 
	author={M. Z. Hossain and M. A. Amin and H. Yan}, 
	booktitle={2011 International Conference on Machine Learning and Cybernetics}, 
	title={Rapid feature extraction for Bangla handwritten digit recognition}, 
	year={2011}, 
	volume={4}, 
	pages={1832-1837}, 
	keywords={feature extraction;handwriting recognition;image recognition;Bangla handwritten digit recognition;Bangla handwritten numerals;CP;celled projection;character recognition;rapid feature extraction;Accuracy;Character recognition;Educational institutions;Feature extraction;Neurons;Training;Writing;Celled projection;Character recognition;Feature extraction;Neural network}, 
	doi={10.1109/ICMLC.2011.6017001}, 
	ISSN={2160-133X}, 
	month={July},}
@article{2012geneticalgorithm,
	title = "A genetic algorithm based region sampling for selection of local features in handwritten digit recognition application",
	journal = "Applied Soft Computing",
	volume = "12",
	number = "5",
	pages = "1592 - 1606",
	year = "2012",
	note = "",
	issn = "1568-4946",
	doi = "http://dx.doi.org/10.1016/j.asoc.2011.11.030",
	author = "Nibaran Das and Ram Sarkar and Subhadip Basu and Mahantapas Kundu and Mita Nasipuri and Dipak Kumar Basu",
	keywords = "Variable sized local regions",
	keywords = "Region sampling",
	keywords = "Genetic algorithm",
	keywords = "Optimal local regions",
	keywords = "Feature selection",
	keywords = "N-Quality consensus"
}
@INPROCEEDINGS{2013contourangular, 
	author={O. Surinta and L. Schomaker and M. Wiering}, 
	booktitle={2013 12th International Conference on Document Analysis and Recognition}, 
	title={A Comparison of Feature and Pixel-Based Methods for Recognizing Handwritten Bangla Digits}, 
	year={2013}, 
	pages={165-169}, 
	keywords={handwritten character recognition;natural language processing;support vector machines;SVM classifiers;basic low-resolution pixel-based method;fast contour angular technique;gray-level normalized character image;handwritten Bangla digit images;majority voting method;novel handwritten character recognition method;support vector machine classifiers;Accuracy;Character recognition;Feature extraction;Handwriting recognition;Support vector machines;Training;Vectors;Character recognition;Classification;Feature extraction technique;Handwritten Bangla digit recognition;Pixel-based method;Support vector machines}, 
	doi={10.1109/ICDAR.2013.40}, 
	ISSN={1520-5363}, 
	month={Aug},}
@INPROCEEDINGS{2014sparseclassifier, 
	author={H. A. Khan and A. A. Helal and K. I. Ahmed}, 
	booktitle={2014 International Conference on Informatics, Electronics Vision (ICIEV)}, 
	title={Handwritten Bangla digit recognition using Sparse Representation Classifier}, 
	year={2014}, 
	pages={1-6}, 
	keywords={feature extraction;image classification;natural language processing;optical character recognition;statistical analysis;â„“1-minimization;Bangla optical character recognition;CMATERdb 3.1.1;dictionary;handwritten Bangla digit recognition;image domain statistical feature extraction;image zone density;offline handwritten Bangla numeral database;sparse representation classifier;train samples;Accuracy;Character recognition;Feature extraction;Image segmentation;Optical character recognition software;Training;Vectors;Bangla Optical Character Recognition;Digit recognition;Handwritten character recognition;Sparse Representation Classifier}, 
	doi={10.1109/ICIEV.2014.6850817}, 
	month={May},}
@inproceedings{2015LBP,
	title={Handwritten bangla numeral recognition using local binary pattern},
	author={Hassan, Tasnuva and Khan, Haider Adnan},
	booktitle={Electrical Engineering and Information Communication Technology (ICEEICT), 2015 International Conference on},
	pages={1--4},
	year={2015},
	organization={IEEE}
}


% directional pattern

@ARTICLE{2002LBP, 
	author={T. Ojala and M. Pietikainen and T. Maenpaa}, 
	journal={IEEE Transactions on Pattern Analysis and Machine Intelligence}, 
	title={Multiresolution gray-scale and rotation invariant texture classification with local binary patterns}, 
	year={2002}, 
	volume={24}, 
	number={7}, 
	pages={971-987}, 
	keywords={image classification;image texture;invariance;nonparametric statistics;angular space;computational simplicity;gray-scale variations;local binary patterns;local image texture;multiresolution analysis;multiresolution gray-scale texture classification;nonparametric discrimination;occurrence histogram;prototype distributions;rotation invariant texture classification;sample distributions;spatial resolution;uniform patterns;Gray-scale;Histograms;Image recognition;Image texture;Multiresolution analysis;Pattern recognition;Prototypes;Quantization;Robustness;Spatial resolution}, 
	doi={10.1109/TPAMI.2002.1017623}, 
	ISSN={0162-8828}, 
	month={Jul},}
@article{2010LDP,
	title={Robust facial expression recognition based on local directional pattern},
	author={Jabid, Taskeed and Kabir, Md Hasanul and Chae, Oksam},
	journal={ETRI journal},
	volume={32},
	number={5},
	pages={784--794},
	year={2010},
	publisher={Electronics and Telecommunications Research Institute}
}
@article{2012GDP,
	title={Gradient directional pattern: a robust feature descriptor for facial expression recognition},
	author={Ahmed, F},
	journal={Electronics Letters, IET},
	volume={48},
	number={19},
	pages={1203--1204},
	year={2012},
	publisher={IET}
}
@article{2017POMF,
author={M. H. Kabir and M. S. Salekin and M. Z. Uddin and M. Abdullah-Al-Wadud}, 
journal={IEEE Access}, 
title={Facial Expression Recognition From Depth Video With Patterns of Oriented Motion Flow}, 
year={2017}, 
volume={5}, 
pages={8880-8889}, 
keywords={face recognition;hidden Markov models;image classification;image motion analysis;image representation;image sequences;pattern clustering;video signal processing;HMM;K-means clustering technique;POMF;RGB;classification rate;codebook;depth camera-based video;directional flow information;directional motion information;enhanced local texture micropatterns;facial expression recognition;facial video;feature descriptor;feature representation method;global structures;hidden Markov model;local structures;objective sequences;optical flow information;patterns of oriented motion flow;Computer vision;Estimation;Face recognition;Feature extraction;Image motion analysis;Optical imaging;Robustness;Depth image;facial expression recognition;local binary pattern;optical flow;patterns of oriented motion flow (POMF)}, 
doi={10.1109/ACCESS.2017.2704087}, 
ISSN={2169-3536}, 
month={},}


% KNN
@ARTICLE{1967KNN, 
	author={T. Cover and P. Hart}, 
	journal={IEEE Transactions on Information Theory}, 
	title={Nearest neighbor pattern classification}, 
	year={1967}, 
	volume={13}, 
	number={1}, 
	pages={21-27}, 
	keywords={Pattern classification}, 
	doi={10.1109/TIT.1967.1053964}, 
	ISSN={0018-9448}, 
	month={January},}
% SVM
@article{1995SVM,
	title={Support-vector networks},
	author={Cortes, Corinna and Vapnik, Vladimir},
	journal={Machine learning},
	volume={20},
	number={3},
	pages={273--297},
	year={1995},
	publisher={Springer}
}