
@INPROCEEDINGS{filali2018, 
author={A. {Filali} and A. {Kobbane} and M. {Elmachkour} and S. {Cherkaoui}}, 
booktitle={2018 IEEE International Conference on Communications (ICC)}, 
title={SDN Controller Assignment and Load Balancing with Minimum Quota of Processing Capacity}, 
year={2018}, 
volume={}, 
number={}, 
pages={1-6}, 
keywords={computer centres;game theory;resource allocation;software defined networking;telecommunication switching;telecommunication traffic;minimum quota;processing capacity;SDN controller assignment;SDN technology;scalability;programmability;data center environment;SDN approach;load balancing problems;traffic variation;response time minimization;dynamic switches assignment;one-to-many matching game;Control systems;Process control;Time factors;Load management;Games;Optimization;Scalability}, 
doi={10.1109/ICC.2018.8422750}, 
ISSN={1938-1883}, 
month={May},}

@article{acmFragiadakis2016,
 author = {Fragiadakis, Daniel and Iwasaki, Atsushi and Troyan, Peter and Ueda, Suguru and Yokoo, Makoto},
 title = {Strategyproof Matching with Minimum Quotas},
 journal = {ACM Trans. Econ. Comput.},
 issue_date = {December 2015},
 volume = {4},
 number = {1},
 month = jan,
 year = {2016},
 issn = {2167-8375},
 pages = {6:1--6:40},
 articleno = {6},
 numpages = {40},
 url = {http://doi.acm.org/10.1145/2841226},
 doi = {10.1145/2841226},
 acmid = {2841226},
 publisher = {ACM},
 address = {New York, NY, USA},
 keywords = {Minimum quotas, deferred acceptance, envy, fairness, lower bounds, school choice, strategyproofness},
} 

@article{dbcp2017,
  title={Density cluster based approach for controller placement problem in large-scale software defined networkings},
  author={Liao, Jianxin and Sun, Haifeng and Wang, Jingyu and Qi, Qi and Li, Kai and Li, Tonghong},
  journal={Computer Networks},
  volume={112},
  pages={24--35},
  year={2017},
  doi ="10.1016/j.comnet.2016.10.014",
  publisher={Elsevier}
}

@inproceedings{yu2015software,
	title={Software-defined latency monitoring in data center networks},
	author={Yu, Curtis and Lumezanu, Cristian and Sharma, Abhishek and Xu, Qiang and Jiang, Guofei and Madhyastha, Harsha V},
	booktitle={International Conference on Passive and Active Network Measurement},
	pages={360--372},
	year={2015},
	organization={Springer}
}