@book{forouzan2006data,
  title={Data communications and networking (sie)},
  author={Forouzan, A Behrouz},
  month = {7},
  year={2017},
  publisher={Tata McGraw-Hill Education},
  edition = {4},
}

@article{knight2011internet,
  title={The internet topology zoo},
  author={Knight, Simon and Nguyen, Hung X and Falkner, Nickolas and Bowden, Rhys and Roughan, Matthew},
  journal={IEEE Journal on Selected Areas in Communications},
  volume={29},
  number={9},
  pages={1765--1775},
  year={2011},
  publisher={IEEE}
}

@inproceedings{heller2012latency,
  title={The controller placement problem},
  author={Heller, Brandon and Sherwood, Rob and McKeown, Nick},
  booktitle={Proceedings of the first workshop on Hot topics in software defined networks},
  pages={7--12},
  year={2012},
  organization={ACM}
}
@article{yao2014capacitated,
  title={On the capacitated controller placement problem in software defined networks},
  author={Yao, Guang and Bi, Jun and Li, Yuliang and Guo, Luyi},
  journal={IEEE Communications Letters},
  volume={18},
  number={8},
  pages={1339--1342},
  year={2014},
  publisher={IEEE}
}
@article{dbcp2017,
  title={Density cluster based approach for controller placement problem in large-scale software defined networkings},
  author={Liao, Jianxin and Sun, Haifeng and Wang, Jingyu and Qi, Qi and Li, Kai and Li, Tonghong},
  journal={Computer Networks},
  volume={112},
  pages={24--35},
  year={2017},
  doi ="10.1016/j.comnet.2016.10.014",
  publisher={Elsevier}
}
@inproceedings{aziz2019degree,
  title={Degree-based Balanced Clustering for Large-Scale Software Defined Networks},
  author={Aziz, Talha Ibn and Protik, Shadman and Hossen, Md Sakhawat and Choudhury, Salimur and Alam, Muhammad Mahbub},
  booktitle={2019 IEEE Wireless Communications and Networking Conference (WCNC)},
  pages={1--6},
  year={2019},
  organization={IEEE}
}

@book{wilson1979introduction,
  title={Introduction to graph theory},
  author={Wilson, Robin J},
  year={1979},
  publisher={Pearson Education India}
}

@article{kariv1979algorithmic,
  title={An algorithmic approach to network location problems. I: The p-centers},
  author={Kariv, Oded and Hakimi, S Louis},
  journal={SIAM Journal on Applied Mathematics},
  volume={37},
  number={3},
  pages={513--538},
  year={1979},
  publisher={SIAM}
}

@inproceedings{filali2018sdn,
  title={SDN controller assignment and load balancing with minimum quota of processing capacity},
  author={Filali, Abderrahime and Kobbane, Abdellatif and Elmachkour, Mouna and Cherkaoui, Soumaya},
  booktitle={2018 IEEE International Conference on Communications (ICC)},
  pages={1--6},
  year={2018},
  organization={IEEE}
}

@article{greene2009tr10,
  title={TR10: Software-defined networking},
  author={Greene, Kate},
  journal={Technology Review (MIT)},
  year={2009}
}

@article{sdnrao2014,
  title={SDN and its use-cases-NV and NFV},
  author={Rao, Sridhar KN},
  journal={Network},
  volume={2},
  pages={H6},
  year={2014}
}

@article{cpp2018sudheera,
author = {Sudheera, Kushan and Ma, Maode and Chong, P.H.J.},
year = {2018},
month = {Apr},
date = {22},
pages = {225--239},
title = {Controller Placement Optimization in Hierarchical Distributed Software Defined Vehicular Networks},
volume = {135},
booktitle = {Computer Networks}
}

@article{sdnsurvey2015,
  title={Software-defined networking: A comprehensive survey},
  author={Kreutz, Diego and Ramos, Fernando MV and Verissimo, Paulo Esteves and Rothenberg, Christian Esteve and Azodolmolky, Siamak and Uhlig, Steve},
  journal={Proceedings of the IEEE},
  volume={103},
  number={1},
  pages={14--76},
  year={2015},
  publisher={Ieee}
}

@article{cox2017survey,
  title={Advancing Software-Defined Networks: A Survey},
  author={Cox, Jacob H and Chung, Joaquin and Donovan, Sean and Ivey, Jared and Clark, Russell J and Riley, George and Owen, Henry L},
  journal={IEEE Access},
  volume={5},
  pages={25487--25526},
  year={2017},
  publisher={IEEE}
}

@book{goransson2014software1,
  title={"1.2 Historical Background" in Software Defined Networks: A Comprehensive Approach},
  author={Goransson, Paul and Black, Chuck},
  year={2014},
  publisher={Elsevier}
}

@book{goransson2014software2,
  title={"1.6 Can We Increase the Packet-Forwarding IQ?" in Software Defined Networks: A Comprehensive Approach},
  author={Goransson, Paul and Black, Chuck},
  year={2014},
  publisher={Elsevier}
}

@article{hu2014survey,
  title={A survey on software-defined network and openflow: From concept to implementation},
  author={Hu, Fei and Hao, Qi and Bao, Ke},
  journal={IEEE Communications Surveys \& Tutorials},
  volume={16},
  number={4},
  pages={2181--2206},
  year={2014},
  publisher={IEEE}
}

@article{sdniotsurvey2016,
  title={Software-defined wireless networking opportunities and challenges for Internet-of-Things: A review},
  author={Sood, Keshav and Yu, Shui and Xiang, Yong},
  journal={IEEE Internet of Things Journal},
  volume={3},
  number={4},
  pages={453--463},
  year={2016},
  publisher={IEEE}
}

@inproceedings{odl,
  title={Opendaylight: Towards a model-driven sdn controller architecture},
  author={Medved, Jan and Varga, Robert and Tkacik, Anton and Gray, Ken},
  booktitle={2014 IEEE 15th International Symposium on},
  pages={1--6},
  year={2014},
  organization={IEEE}
}

@article{flowvisor2009,
  title={Flowvisor: A network virtualization layer},
  author={Sherwood, Rob and Gibb, Glen and Yap, Kok-Kiong and Appenzeller, Guido and Casado, Martin and McKeown, Nick and Parulkar, Guru},
  journal={OpenFlow Switch Consortium, Tech. Rep},
  volume={1},
  pages={132},
  year={2009}
}

@article{sdnwan2014,
  title={Design considerations for managing wide area software defined networks},
  author={Ahmed, Reaz and Boutaba, Raouf},
  journal={IEEE Communications Magazine},
  volume={52},
  number={7},
  pages={116--123},
  year={2014},
  publisher={IEEE}
}

@inproceedings{sdnlange2015,
  title={Specialized heuristics for the controller placement problem in large scale SDN networks},
  author={Lange, Stanislav and Gebert, Steffen and Spoerhase, Joachim and Rygielski, Piotr and Zinner, Thomas and Kounev, Samuel and Tran-Gia, Phuoc},
  booktitle={Teletraffic Congress (ITC 27), 2015 27th International},
  pages={210--218},
  year={2015},
  organization={IEEE},
  address={Ghent, Belgium}
}

@article{scalability2013yeganeh,
  title={On scalability of software-defined networking},
  author={Yeganeh, Soheil Hassas and Tootoonchian, Amin and Ganjali, Yashar},
  journal={IEEE Communications Magazine},
  volume={51},
  number={2},
  pages={136--141},
  year={2013},
  publisher={Ieee}
}

@inproceedings{scalability2013dixit,
  title={Towards an elastic distributed SDN controller},
  author={Dixit, Advait and Hao, Fang and Mukherjee, Sarit and Lakshman, TV and Kompella, Ramana},
  booktitle={ACM SIGCOMM Computer Communication Review},
  volume={43},
  number={4},
  pages={7--12},
  year={2013},
  organization={ACM}
}

@inproceedings{whycpp2013,
  title={B4: Experience with a globally-deployed software defined WAN},
  author={Jain, Sushant and Kumar, Alok and Mandal, Subhasree and Ong, Joon and Poutievski, Leon and Singh, Arjun and Venkata, Subbaiah and Wanderer, Jim and Zhou, Junlan and Zhu, Min and others},
  booktitle={ACM SIGCOMM Computer Communication Review},
  volume={43},
  number={4},
  pages={3--14},
  year={2013},
  organization={ACM}
}

@article{whycpp2014,
  title={GENI: A federated testbed for innovative network experiments},
  author={Berman, Mark and Chase, Jeffrey S and Landweber, Lawrence and Nakao, Akihiro and Ott, Max and Raychaudhuri, Dipankar and Ricci, Robert and Seskar, Ivan},
  journal={Computer Networks},
  volume={61},
  pages={5--23},
  year={2014},
  publisher={Elsevier}
}

@inproceedings{whycpp2010,
  title={Hedera: Dynamic flow scheduling for data center networks.},
  author={Al-Fares, Mohammad and Radhakrishnan, Sivasankar and Raghavan, Barath and Huang, Nelson and Vahdat, Amin},
  booktitle={Nsdi},
  volume={10},
  pages={19--19},
  year={2010}
}

@article{singh2018survey,
  title={A survey and classification of controller placement problem in SDN},
  author={Singh, Ashutosh Kumar and Srivastava, Shashank},
  journal={International Journal of Network Management},
  pages={e2018},
  year={2018},
  publisher={Wiley Online Library},
  volume={28}
}

@article{zhang2017survey,
  title={A Survey on Software Defined Networking with Multiple Controllers},
  author={Zhang, Yuan and Cui, Lin and Wang, Wei and Zhang, Yuxiang},
  journal={Journal of Network and Computer Applications},
  year={2017},
  publisher={Elsevier},
  volume={103},
  pages={101--118}
}

@article{sallahi2015optimal,
  title={Optimal model for the controller placement problem in software defined networks},
  author={Sallahi, Afrim and St-Hilaire, Marc},
  journal={IEEE communications letters},
  volume={19},
  number={1},
  pages={30--33},
  year={2015},
  publisher={IEEE}
}

@article{ozsoy2006exact,
  title={An exact algorithm for the capacitated vertex p-center problem},
  author={{\"O}zsoy, F Aykut and P{\i}nar, Mustafa {\c{C}}},
  journal={Computers \& Operations Research},
  volume={33},
  number={5},
  pages={1420--1436},
  year={2006},
  publisher={Elsevier}
}

@inproceedings{yao2015controller,
  title={Controller placement and flow based dynamic management problem towards SDN},
  author={Yao, Long and Hong, Peilin and Zhang, Wen and Li, Jianfei and Ni, Dan},
  booktitle={Communication Workshop (ICCW), 2015 IEEE International Conference on},
  pages={363--368},
  year={2015},
  organization={IEEE},
  month={Jun},
  address={London, UK}
}

@inproceedings{zhang2011resilience,
  title={On resilience of split-architecture networks},
  author={Zhang, Ying and Beheshti, Neda and Tatipamula, Mallik},
  booktitle={Global Telecommunications Conference (GLOBECOM 2011), 2011 IEEE},
  pages={1--6},
  year={2011},
  organization={IEEE},
  month={Dec},
  address={Kathmandu, Nepal}
}

@incollection{erlebach2006robustness,
  title={Robustness of the Internet at the Topology and Routing Level},
  author={Erlebach, Thomas and Hall, Alexander and Moonen, Linda and Panconesi, Alessandro and Spieksma, Frits and Vukadinovi{\'c}, Danica},
  booktitle={Dependable Systems: Software, Computing, Networks},
  pages={260--274},
  year={2006},
  publisher={Springer}
}

@article{lange2015multi,
  title={Heuristic approaches to the controller placement problem in large scale SDN networks},
  author={Lange, Stanislav and Gebert, Steffen and Zinner, Thomas and Tran-Gia, Phuoc and Hock, David and Jarschel, Michael and Hoffmann, Marco},
  journal={IEEE Transactions on Network and Service Management},
  volume={12},
  number={1},
  pages={4--17},
  year={2015},
  publisher={IEEE}
}

@article{protein2005palla,
  title={Uncovering the overlapping community structure of complex networks in nature and society},
  author={Palla, Gergely and Der{\'e}nyi, Imre and Farkas, Ill{\'e}s and Vicsek, Tam{\'a}s},
  journal={nature},
  volume={435},
  number={7043},
  pages={814},
  year={2005},
  publisher={Nature Publishing Group}
}

@inproceedings{hu2013reliability,
  title={Reliability-aware controller placement for software-defined networks},
  author={Hu, Yannan and Wendong, Wang and Gong, Xiangyang and Que, Xirong and Shiduan, Cheng},
  booktitle={Integrated Network Management (IM 2013), 2013 IFIP/IEEE International Symposium on},
  pages={672--675},
  year={2013},
  month={May},
  organization={IEEE},
  address={Ghent, Belgium}
}

@article{haque2016wireless,
	title={Wireless software defined networking: A survey and taxonomy},
	author={Haque, Israat Tanzeena and Abu-Ghazaleh, Nael},
	journal={IEEE Communications Surveys \& Tutorials},
	volume={18},
	number={4},
	pages={2713--2737},
	year={2016},
	publisher={IEEE}
}

@inproceedings{benson2010traffic,
  title={Network traffic characteristics of data centers in the wild},
  author={Benson, Theophilus and Akella, Aditya and Maltz, David A},
  booktitle={Proceedings of the 10th ACM SIGCOMM conference on Internet measurement},
  pages={267--280},
  year={2010}
}

@inproceedings{wang2016load,
  title={Dynamic SDN controller assignment in data center networks: Stable matching with transfers},
  author={Wang, Tao and Liu, Fangming and Guo, Jian and Xu, Hong},
  booktitle={IEEE INFOCOM 2016-The 35th Annual IEEE International Conference on Computer Communications},
  pages={1--9},
  year={2016},
  organization={IEEE}
}

@article{fragiadakis2016matching,
  title={Strategyproof matching with minimum quotas},
  author={Fragiadakis, Daniel and Iwasaki, Atsushi and Troyan, Peter and Ueda, Suguru and Yokoo, Makoto},
  journal={ACM Transactions on Economics and Computation (TEAC)},
  volume={4},
  number={1},
  pages={1--40},
  year={2016},
  publisher={ACM New York, NY, USA}
}

@article{dvir2019wireless,
  title={The controller placement problem for wireless SDN},
  author={Dvir, Amit and Haddad, Yoram and Zilberman, Aviram},
  journal={Wireless Networks},
  volume={25},
  number={8},
  pages={4963--4978},
  year={2019},
  publisher={Springer}
}

@article{jalili2019multi,
  title={Multi criteria analysis of controller placement problem in software defined networks},
  author={Jalili, Ahmad and Keshtgari, Manijeh and Akbari, Reza and Javidan, Reza},
  journal={Computer Communications},
  volume={133},
  pages={115--128},
  year={2019},
  publisher={Elsevier}
}

@article{choumas2020oittraffic,
  title={SDN Controller Placement and Switch Assignment for Low Power IoT},
  author={Choumas, Kostas and Giatsios, Dimitris and Flegkas, Paris and Korakis, Thanasis},
  journal={Electronics},
  volume={9},
  number={2},
  pages={325},
  year={2020},
  publisher={Multidisciplinary Digital Publishing Institute}
}

@article{yang2020security,
  title={An Efficient Approach to Robust SDN Controller Placement for Security},
  author={Yang, Shu and Cui, Laizhong and Chen, Ziteng and Xiao, Wei},
  journal={IEEE Transactions on Network and Service Management},
  year={2020},
  publisher={IEEE}
}

@article{das2020latency,
  title={Controller Placement for Resilient Network State Synchronization in Multi-controller SDN},
  author={Das, Tamal and Gurusamy, Mohan},
  journal={IEEE Communications Letters},
  year={2020},
  publisher={IEEE}
}

@article{chaudhary2020cost,
  title={PARC: Placement Availability Resilient Controller Scheme for Software-Defined Datacenters},
  author={Chaudhary, Rajat and Kumar, Neeraj},
  journal={IEEE Transactions on Vehicular Technology},
  year={2020},
  publisher={IEEE}
}

@incollection{fan2020reliability,
  title={Controller Placements for Improving Flow Set-Up Reliability of Software-Defined Networks},
  author={Fan, Yuqi and Ouyang, Tao and Yuan, Xiaohui},
  booktitle={Urban Intelligence and Applications},
  pages={3--13},
  year={2020},
  publisher={Springer}
}

@article{ashrafi2020reliability,
  title={Placement of Controllers in Software Defined Networking under Multiple Controller Mapping},
  author={Ashrafi, Mohammad and Faroq, AL-Tam and Correia, Noelia},
  journal={KnE Engineering},
  pages={394--404},
  year={2020}
}

@article{papa2020satellite,
  title={Design and Evaluation of Reconfigurable SDN LEO Constellations},
  author={Papa, Arled and de Cola, Tomaso and Vizarreta, Petra and He, Mu and Mas-Machuca, Carmen and Kellerer, Wolfgang},
  journal={IEEE Transactions on Network and Service Management},
  year={2020},
  publisher={IEEE}
}

@article{schutz2020load,
  title={A comprehensive approach for optimizing controller placement in Software-Defined Networks},
  author={Sch{\"u}tz, G and Martins, JA},
  journal={Computer Communications},
  year={2020},
  publisher={Elsevier}
}

@inproceedings{li2020latency,
  title={A Multi-controller deployment method based on PSO algorithm in SDN environment},
  author={Li, Yi and Sun, Wenwen and Guan, Shaopeng},
  booktitle={2020 IEEE 4th Information Technology, Networking, Electronic and Automation Control Conference (ITNEC)},
  volume={1},
  pages={351--355},
  year={2020},
  organization={IEEE}
}

@article{toufga2020vehicle,
  title={Towards Dynamic Controller Placement in Software Defined Vehicular Networks},
  author={Toufga, Soufian and Abdellatif, Slim and Assouane, Hamza Tarik and Owezarski, Philippe and Villemur, Thierry},
  journal={Sensors},
  volume={20},
  number={6},
  pages={1701},
  year={2020},
  publisher={Multidisciplinary Digital Publishing Institute}
}

@article{wang2011load,
  title={OpenFlow-Based Server Load Balancing Gone Wild.},
  author={Wang, Richard and Butnariu, Dana and Rexford, Jennifer and others},
  journal={Hot-ICE},
  volume={11},
  pages={12--12},
  year={2011}
}

@article{chen2018load,
  title={SDN-enabled traffic-aware load balancing for M2M networks},
  author={Chen, Yu-Jia and Wang, Li-Chun and Chen, Meng-Chieh and Huang, Pin-Man and Chung, Pei-Jung},
  journal={IEEE Internet of Things Journal},
  volume={5},
  number={3},
  pages={1797--1806},
  year={2018},
  publisher={IEEE}
}

@inproceedings{coronado2017wiload,
  title={Wi--balance: SDN--based load--balancing in enterprise WLANs},
  author={Coronado, Estefania and Villal{\'o}n, Jos{\'e} and Garrido, Antonio},
  booktitle={2017 IEEE Conference on Network Softwarization (NetSoft)},
  pages={1--2},
  year={2017},
  organization={ieee}
}

@inproceedings{qilin2015load,
  title={A load balancing method based on SDN},
  author={Qilin, Mao and Weikang, Shen},
  booktitle={2015 Seventh International Conference on Measuring Technology and Mechatronics Automation},
  volume={1},
  pages={18--21},
  year={2015},
  organization={IEEE}
}

@article{dijkstra1959note,
	title={A note on two problems in connexion with graphs},
	author={Dijkstra, Edsger W and others},
	journal={Numerische mathematik},
	volume={1},
	number={1},
	pages={269--271},
	year={1959}
}