@article{dbcp,
	title = "Density cluster based approach for controller placement problem in
	large-scale software defined networkings",
	journal = "Computer Networks",
	volume="",
	number = "112",
	pages = "24-35",
	year = "2017",
	note = "",
	issn = "1389-1286",
	doi = "http://http://dx.doi.org/10.1016/j.comnet.2016.10.014",
	author = "Jianxin Liao, Haifeng Sun, Jingyu Wang, Qi Qi, Kai Li and Tonghong Li",
}

@article{spici,
	title = "SPICi: a fast clustering algorithm for large biological networks",
	journal = "Bioinformatics",
	volume = "26",
	number = "8",
	pages = "1105-1111",
	year = "2010",
	note = "",
	issn = "",
	doi = "http://10.1093/bioinformatics/btq078",
	author = "Peng Jiang and Mona Singh",
}